<?xml version="1.0" encoding="UTF-8"?><record xmlns="http://www.loc.gov/MARC21/slim" xmlns:cinclude="http://apache.org/cocoon/include/1.0" xmlns:zs="http://www.loc.gov/zing/srw/">
  <leader>00371nz  a2200121n  4500</leader>
  <controlfield tag="001">n  86839992 </controlfield>
  <controlfield tag="003">DLC</controlfield>
  <controlfield tag="005">19860715081506.8</controlfield>
  <controlfield tag="008">860715n| acannaab|          |n aad |||  </controlfield>
  <datafield tag="010" ind1=" " ind2=" ">
    <subfield code="a">n  86839992 </subfield>
  </datafield>
  <datafield tag="040" ind1=" " ind2=" ">
    <subfield code="a">DLC</subfield>
    <subfield code="c">DLC</subfield>
  </datafield>
  <datafield tag="100" ind1="1" ind2="0">
    <subfield code="a">Schrader, Lee F.</subfield>
  </datafield>
  <datafield tag="670" ind1=" " ind2=" ">
    <subfield code="a">nuc86-65012: The Egg subsector of U.S. agriculture, 1978</subfield>
    <subfield code="b">(hdg. on TU rept.: Schrader, Lee F.; usage: Lee F. Schrader)</subfield>
  </datafield>
</record>